1
@article{jospin2020hands,
  title={Hands-on Bayesian Neural Networks--a Tutorial for Deep Learning Users},
  author={Jospin, Laurent Valentin and Buntine, Wray and Boussaid, Farid and Laga, Hamid and Bennamoun, Mohammed},
  journal={arXiv preprint arXiv:2007.06823},
  year={2020}
}

2
@inproceedings{dewan2017deep,
  title={Deep semantic classification for 3d lidar data},
  author={Dewan, Ayush and Oliveira, Gabriel L and Burgard, Wolfram},
  booktitle={2017 IEEE/RSJ International Conference on Intelligent Robots and Systems (IROS)},
  pages={3544--3549},
  year={2017},
  organization={IEEE}
}

3
@article{abdar2020review,
  title={A review of uncertainty quantification in deep learning: Techniques, applications and challenges},
  author={Abdar, Moloud and Pourpanah, Farhad and Hussain, Sadiq and Rezazadegan, Dana and Liu, Li and Ghavamzadeh, Mohammad and Fieguth, Paul and Khosravi, Abbas and Acharya, U Rajendra and Makarenkov, Vladimir and others},
  journal={arXiv preprint arXiv:2011.06225},
  year={2020}
}

4
@article{loquercio2020general,
  title={A general framework for uncertainty estimation in deep learning},
  author={Loquercio, Antonio and Segu, Mattia and Scaramuzza, Davide},
  journal={IEEE Robotics and Automation Letters},
  volume={5},
  number={2},
  pages={3153--3160},
  year={2020},
  publisher={IEEE}
}

5
@phdthesis{kendall2019geometry,
  title={Geometry and uncertainty in deep learning for computer vision},
  author={Kendall, Alex Guy},
  year={2019},
  school={University of Cambridge}
}

6
@inproceedings{lee2020gradients,
  title={Gradients as a Measure of Uncertainty in Neural Networks},
  author={Lee, Jinsol and AlRegib, Ghassan},
  booktitle={2020 IEEE International Conference on Image Processing (ICIP)},
  pages={2416--2420},
  year={2020},
  organization={IEEE}
}

7
@article{kabir2018neural,
  title={Neural network-based uncertainty quantification: A survey of methodologies and applications},
  author={Kabir, HM Dipu and Khosravi, Abbas and Hosen, Mohammad Anwar and Nahavandi, Saeid},
  journal={IEEE access},
  volume={6},
  pages={36218--36234},
  year={2018},
  publisher={IEEE}
}

8
@article{gal2016uncertainty,
  title={Uncertainty in deep learning},
  author={Gal, Yarin},
  journal={University of Cambridge},
  volume={1},
  number={3},
  year={2016}
}

9
@article{pearce2018uncertainty,
  title={Uncertainty in Neural Networks: Approximately Bayesian Ensembling},
  author={Pearce, Tim and Leibfried, Felix and Brintrup, Alexandra and Zaki, Mohamed and Neely, Andy},
  journal={arXiv preprint arXiv:1810.05546},
  year={2018}
}

10
@article{kwon2020uncertainty,
  title={Uncertainty quantification using Bayesian neural networks in classification: Application to biomedical image segmentation},
  author={Kwon, Yongchan and Won, Joong-Ho and Kim, Beom Joon and Paik, Myunghee Cho},
  journal={Computational Statistics \& Data Analysis},
  volume={142},
  pages={106816},
  year={2020},
  publisher={Elsevier}
}

11
@incollection{petschnigg2021uncertainty,
  title={Uncertainty aware deep point based neural network for 3D object classification},
  author={Petschnigg, Christina and Pilz, J{\"u}rgen},
  booktitle={Data Science--Analytics and Applications},
  pages={66--73},
  year={2021},
  publisher={Springer}
}

12
@article{hariri2019uncertainty,
  title={Uncertainty in big data analytics: survey, opportunities, and challenges},
  author={Hariri, Reihaneh H and Fredericks, Erik M and Bowers, Kate M},
  journal={Journal of Big Data},
  volume={6},
  number={1},
  pages={44},
  year={2019},
  publisher={Springer}
}

13
@article{posch2019variational,
  title={Variational inference to measure model uncertainty in deep neural networks},
  author={Posch, Konstantin and Steinbrener, Jan and Pilz, J{\"u}rgen},
  journal={arXiv preprint arXiv:1902.10189},
  year={2019}
}

14
@article{blundell2015weight,
  title={Weight uncertainty in neural networks},
  author={Blundell, Charles and Cornebise, Julien and Kavukcuoglu, Koray and Wierstra, Daan},
  journal={arXiv preprint arXiv:1505.05424},
  year={2015}
}

15
@inproceedings{kendall2017uncertainties,
  title={What uncertainties do we need in bayesian deep learning for computer vision?},
  author={Kendall, Alex and Gal, Yarin},
  booktitle={Advances in neural information processing systems},
  pages={5574--5584},
  year={2017}
}